@Book{marsland,
  Title                    = {Machine Learning - An Algorithmic Perspective.},
  Author                   = {Marsland, Stephen},
  Publisher                = {Chapman I\& Hall},
  Year                     = {2009}
}

@Book{mmmFink,
  Title                    = {Mustererkennung mit Markov-Modellen},
  Author                   = {Gernot A. Fink},
  Publisher                = {B. G. Teubner Verlag},
  Year                     = {2003}
}

@Book{inMach,
  Title                    = {INTRODUCTION TO MACHINE LEARNING},
  Author                   = {Nils J. Nilsson},
  Publisher                = {Stanford, CA 94305},
  Year                     = {2005}
}

@Book{ stochMod,
 author = {K.-H. Waldmann, U.M. Stocker},
 title = {Stochastische Modelle - Eine anwendungsorientierte Einführung},
 publisher = {Springer-Verlag, Berlin Heidelberg},
 year = {2013}
}

@Book{ speech,
 author = {Euler, S.},
 title = {Grundkurs Spracherkennung},
 publisher = {Friedr. Vieweg und Sohn Verlag - GWV Fachverlage GmbH, Wiesbaden},
 year = {2005}
}

@Book{ hmmsvm,
 author = {André Stuhlsatz},
 title = {Hybride Spracherkennung: Eine HMM/SVM-Systemintegration},
 publisher = {VDM Verlag Dr. Müller},
 year = {2008}
}

@MastersThesis{compHMM,
    author     =     {Sascha Bosse},
    title     =     {{Vergleich klassischer Maschineller Lernverfahren mit Hidden non-Markovian Models anhand ausgewählter Anwendungsbeispiele}},
    school     =     {Otto-von-Guericke-Universität Magdeburg},
    year     =     {2001},
    }


@INPROCEEDINGS{rabiner,
    author = {Lawrence R. Rabiner},
    title = {A tutorial on hidden markov models and selected applications in speech recognition},
    booktitle = {Proceedings of the IEEE},
    year = {1989},
    pages = {257--286}
}

@article{hmmnn,
 author = {H. Bourlard and N. Morgan},
 title = {Connectionist Speech Recognition. A Hybrid Approach},
 journal = {Kluwer international series in engineering and computer science},
 issue_date = {1994},
 year = {1994},
 publisher = {Kluwer Academic Publisher},
 address = {Boston}
} 

@article{hmmkm,
 author = {Michael P. Perrone and Scott D. Connella},
 title = {K-Means Clustering for Hidden Markov Models},
 publisher = {Pen Technologies Group, IBM T.J. Watson Research Center},
 year = {2000}
} 



@article{viterbi,
 author = {Viterbi, A.},
 title = {Error Bounds for Convolutional Codes and an Asymptotically Optimum Decoding Algorithm},
 journal = {IEEE Trans. Inf. Theor.},
 issue_date = {April 1967},
 volume = {13},
 number = {2},
 month = sep,
 year = {2006},
 issn = {0018-9448},
 pages = {260--269},
 numpages = {10},
 url = {http://dx.doi.org/10.1109/TIT.1967.1054010},
 doi = {10.1109/TIT.1967.1054010},
 acmid = {2267502},
 publisher = {IEEE Press},
 address = {Piscataway, NJ, USA}
} 

@article{juang,
	title = {{The segmental K-means algorithm for estimating parameters of hidden Markov models}},
	journal = {IEEE Transactions on Acoustics, Speech, and Signal Processing},
	volume = {38},
	year = {1990},
	pages = {1639{\textendash}1641},
	doi = {10.1109/29.60082},
	author = {Biing-Hwang Juang and L. R. Rabiner}
}

@article{kmeans,
	title = {{Sur la division des corps matériels en parties}},
	journal = {Bull. Acad. Polon. Sci.},
	volume = {12},
	year = {1957},
	pages = {801{\textendash}804},
	author = {Hugo Steinhaus}
}

@article{emalgo,
	title = {{Maximum-Likelihood from incomplete data via the EM algorithm}},
	journal = {Journal of the Royal Statistical Society},
	year = {1977},
	author = {A.P. Dempster, N.M. Laird., D.B. Rubin}
}

@misc{markov1913,
  title =	{Example of a Statistical Investigation of the Text of ``Eugene Onegin'' Illustrating the Dependence Between Samples in Chain. Ein Beispiel statistischer Forschung am Text Eugen Onegin zur Verbindung von Proben in Ketten. Eine Vorlesung vor der physikalischmathematischen Fakultät der Königlichen Akademie der Wissenschaften St. Petersburg, 23. Januar 1913. Übersetzt von Alexander Y. Nitussov, Lioudmila Voropai und David Link},
  author =	{Markov, A.A.},
  pages =	{115-125},
  url = 	{http://www.alpha60.de/research/poetrymachines/DavidLink_PoesiemaschinenMaschinenpoesie_2006.pdf},
  year =	{1913}
}

@article{baum66,
author = "Baum, Leonard E. and Petrie, Ted",
doi = "10.1214/aoms/1177699147",
fjournal = "The Annals of Mathematical Statistics",
journal = "Ann. Math. Statist.",
month = "12",
number = "6",
pages = "1554--1563",
publisher = "The Institute of Mathematical Statistics",
title = "Statistical Inference for Probabilistic Functions of Finite State Markov Chains",
url = "http://dx.doi.org/10.1214/aoms/1177699147",
volume = "37",
year = "1966"
}

@inproceedings{svm,
 author = {Boser, Bernhard E. and Guyon, Isabelle M. and Vapnik, Vladimir N.},
 title = {A Training Algorithm for Optimal Margin Classifiers},
 booktitle = {Proceedings of the Fifth Annual Workshop on Computational Learning Theory},
 series = {COLT '92},
 year = {1992},
 isbn = {0-89791-497-X},
 location = {Pittsburgh, Pennsylvania, USA},
 pages = {144--152},
 numpages = {9},
 url = {http://doi.acm.org/10.1145/130385.130401},
 doi = {10.1145/130385.130401},
 acmid = {130401},
 publisher = {ACM},
 address = {New York, NY, USA}
} 

@incollection{neuron,
 author = {McCulloch, Warren S. and Pitts, Walter},
 chapter = {A Logical Calculus of the Ideas Immanent in Nervous Activity},
 title = {Neurocomputing: Foundations of Research},
 editor = {Anderson, James A. and Rosenfeld, Edward},
 year = {1988},
 isbn = {0-262-01097-6},
 pages = {15--27},
 numpages = {13},
 url = {http://dl.acm.org/citation.cfm?id=65669.104377},
 acmid = {104377},
 publisher = {MIT Press},
 address = {Cambridge, MA, USA}
} 